@article{DengHZHD15,
  author    = {Ze Deng and
               Yangyang Hu and
               Mao Zhu and
               Xiaohui Huang and
               Bo Du},
  title     = {A scalable and fast {OPTICS} for clustering trajectory big data},
  journal   = {Cluster Computing},
  volume    = {18},
  number    = {2},
  pages     = {549--562},
  year      = {2015}
}

@article{CostaMM14,
	author    = {Gianni Costa and
	Giuseppe Manco and
	Elio Masciari},
	title     = {Dealing with trajectory streams by clustering and mathematical transforms},
	journal   = {Journal of Intelligent Information Systems,},
	volume    = {42},
	number    = {1},
	pages     = {155--177},
	year      = {2014}
}

@article{YuWWWH13,
	author    = {Yanwei Yu and
	Qin Wang and
	Xiaodong Wang and
	Huan Wang and
	Jie He},
	title     = {Online clustering for trajectory data stream of moving objects},
	journal   = {Computer Science and Information Systems},
	volume    = {10},
	number    = {3},
	pages     = {1293--1317},
	year      = {2013}
}

@inproceedings{MaoSJZZ16,
	author    = {Jiali Mao and
	Qiuge Song and
	Cheqing Jin and
	Zhigang Zhang and
	Aoying Zhou},
	title     = {TSCluWin: Trajectory Stream Clustering over Sliding Window},
	booktitle = {Proceedings of the 21st {DASFAA}, Part {II}},
	pages     = {133--148},
	year      = {2016}
}

@inproceedings{NehmeR06,
	author    = {Rimma V. Nehme and
	Elke A. Rundensteiner},
	title     = {{SCUBA:} Scalable Cluster-Based Algorithm for Evaluating Continuous
	Spatio-temporal Queries on Moving Objects},
	booktitle = {Proceedings of the10th {EDBT} },
	pages     = {1001--1019},
	year      = {2006}
}

@inproceedings{SacharidisPTKPMS08,
	author    = {Dimitris Sacharidis and
	Kostas Patroumpas and
	Manolis Terrovitis and
	Verena Kantere and
	Michalis Potamias and
	Kyriakos Mouratidis and
	Timos K. Sellis},
	title     = {On-line discovery of hot motion paths},
	booktitle = {Proceedings of the 11th {EDBT}},
	pages     = {392--403},
	year      = {2008}
}

@inproceedings{ZhengZYS13,
	author    = {Kai Zheng and
	Yu Zheng and
	Nicholas Jing Yuan and
	Shuo Shang},
	title     = {On discovery of gathering patterns from trajectories},
	booktitle = {Proceedings of the 29th ICDE},
	pages     = {242--253},
	year      = {2013}
}

@inproceedings{TangZYHLHP12,
	author    = {Lu An Tang and
	Yu Zheng and
	Jing Yuan and
	Jiawei Han and
	Alice Leung and
	Chih{-}Chieh Hung and
	Wen{-}Chih Peng},
	title     = {On Discovery of Traveling Companions from Streaming Trajectories},
	booktitle = {Proceedings of the 28th ICDE},
	pages     = {186--197},
	year      = {2012}
}

@article{LiCJT13,
	author    = {Xiaohui Li and
	Vaida Ceikute and
	Christian S. Jensen and
	Kian{-}Lee Tan},
	title     = {Effective Online Group Discovery in Trajectory Databases},
	journal   = {TKDE},
	volume    = {25},
	number    = {12},
	pages     = {2752--2766}
}


@inproceedings{DuanJWZY16,
	author    = {Xiaoyi Duan and
	Cheqing Jin and
	Xiaoling Wang and
	Aoying Zhou and
	Kun Yue},
	title     = {Real-Time Personalized Taxi-Sharing},
	booktitle = {Proceedings of the 21st {DASFAA} Part {II}},
	pages     = {451--465},
	year      = {2016}
}

@inproceedings{DTKST,
	author    = {Zhigang Zhang and
	Yilin Wang and
	Jiali Mao and
	Shaojie Qiao and
	Cheqing Jin and
	Aoying Zhou},
	title     = {{DT-KST:} Distributed Top-k Similarity Query on Big Trajectory Streams},
	booktitle = {Proceedings of the 22nd {DASFAA}, Part{I}},
	pages     = {199--214},
	year      = {2017}
}

@inproceedings{,
	title={Robust and fast similarity search for moving object trajectories},
	author={Chen, Lei and {\"O}zsu, M Tamer and Oria, Vincent},
	booktitle={Proceedings of the 2005 {ACM} {SIGMOD}},
	pages={491--502},
	year={2005},
	organization={ACM}
}

@inproceedings{bandwidth,
	title={Bandwidth-efficient distributed k-nearest-neighbor search with dynamic time warping},
	author={Hsu, Chin-Chi and Kung, Perng-Hwa and Yeh, Mi-Yen and Lin, Shou-De and Gibbons, Phillip B},
	booktitle={Proceedings of the 2015 ICBD},
	pages={551--560},
	year={2015},
	organization={IEEE}
}

@article{crowdsourced,
	title={Crowdsourced trace similarity with smartphones},
	author={Zeinalipour-Yazti, Demetrios and Laoudias, Christos and Costa, Constandinos and Vlachos, Michail and Andreou, Maria I and Gunopulos, Dimitrios},
	journal={TKDE},
	volume={25},
	number={6},
	pages={1240--1253},
	year={2013},
	publisher={IEEE}
}


@inproceedings{SmartTrace,
	author    = {Costandinos Costa and
	Christos Laoudias and
	Demetrios Zeinalipour{-}Yazti and
	Dimitrios Gunopulos},
	title     = {SmartTrace: Finding similar trajectories in smartphone networks without
	disclosing the traces},
	booktitle = {Proceedings of the 27th ICDE},
	pages     = {1288--1291},
	year      = {2011},
}

@inproceedings{ZhuLYZHZ10,
	author    = {Haohan Zhu and
	Jun Luo and
	Hang Yin and
	Xiaotao Zhou and
	Joshua Zhexue Huang and
	F. Benjamin Zhan},
	title     = {Mining Trajectory Corridors Using Frechet Distance and
	Meshing Grids},
	booktitle = {Proceedings of the 14th {PAKDD}
	Part {I}},
	pages     = {228--237},
	year      = {2010}
}

@article{Guo2017,
	title={An Efficient Query Algorithm for Trajectory Similarity Based on Frechet Distance Threshold},
	author={Guo, Ning and Ma, Mengyu and Xiong, Wei and Chen, Luo and Jing, Ning},
	journal={International Journal of Geo-Information},
	volume={6},
	number={11},
	pages={326},
	year={2017},
}

@article{LinS08,
	author    = {Bin Lin and
	Jianwen Su},
	title     = {One Way Distance: For Shape Based Similarity Search of Moving Object
	Trajectories},
	journal   = {GeoInformatica},
	volume    = {12},
	number    = {2},
	pages     = {117--142},
	year      = {2008}
}

@inproceedings{Liu012,
	author    = {Hechen Liu and
	Markus Schneider},
	title     = {Similarity measurement of moving object trajectories},
	booktitle = {Proceedings of the 3rd {ACM} {SIGSPATIAL}  Workshop on
	GeoStreaming},
	pages     = {19--22},
	year      = {2012}
}

@article{ZhaoX11,
	author    = {Xiuli Zhao and
	Weixiang Xu},
	title     = {A New Measurement Method to Calculate Similarity of Moving Object
	Spatio-Temporal Trajectories by Compact Representation},
	journal   = {International Journal of Computational Intelligence Systems},
	volume    = {4},
	number    = {6},
	pages     = {1140--1147},
	year      = {2011}
}

@inproceedings{ZhengYZXSZ15,
	author    = {Bolong Zheng and
	Nicholas Jing Yuan and
	Kai Zheng and
	Xing Xie and
	Shazia Wasim Sadiq and
	Xiaofang Zhou},
	title     = {Approximate keyword search in semantic trajectory database},
	booktitle = {Proceedings of the 31st  {ICDE}},
	pages     = {975--986},
	year      = {2015}
}

@inproceedings{Magdy2016Review,
	title={Review on trajectory similarity measures},
	author={Magdy, Nehal and Sakr, Mahmoud A. and Mostafa, Tamer and El-Bahnasy, Khaled},
	booktitle={Proceedings of the 7th ICICIS},
	pages     = {613¨C619},
	year={2016},
}


@inproceedings{EDR,
	title={Robust and fast similarity search for moving object trajectories},
	author={Chen, Lei and {\"O}zsu, M Tamer and Oria, Vincent},
	booktitle={Proceedings of the 2005 {ACM} {SIGMOD}},
	pages={491--502},
	year={2005},
	organization={ACM}
}

@article{TooheyD15,
	author    = {Kevin Toohey and
	Matt Duckham},
	title     = {Trajectory similarity measures},
	journal   = {Proceedings of the 2015 {SIGSPATIAL} Special},
	volume    = {7},
	number    = {1},
	pages     = {43--50},
	year      = {2015}
}

@inproceedings{setSimilar,
	title={Efficient parallel set-similarity joins using MapReduce},
	author={Vernica, Rares and Carey, Michael J and Li, Chen},
	booktitle={Proceedings of the 16th ACM SIGMOD},
	pages={495--506},
	year={2010},
	organization={ACM}
}


@inproceedings{kimICDE2012,
	title={Parallel top-k similarity join algorithms using MapReduce},
	author={Kim, Younghoon and Shim, Kyuseok},
	booktitle={Proceedings of the IEEE 28th ICDE},
	pages={510--521},
	year={2012},
	organization={IEEE}
}

@inproceedings{KDDSimilarity,
	author    = {Demetrios Zeinalipour{-}Yazti and
	Song Lin and
	Dimitrios Gunopulos},
	title     = {Distributed spatio-temporal similarity search},
	booktitle = {Proceedings of the 2006 CIKM},
	pages     = {14--23},
	year      = {2006}
}
